@thesis{1,
author = {Chiara Gentile},
title = {Metodo del gradiente coniugato perproblemi ai minimi quadrati non lineari},
type = {Tesi di Laurea},
institution = {Università di Bologna},
year = {2016},
pages = {10-11},
url = {https://amslaurea.unibo.it/12187/1/Chiara_Gentile.pdf}
}

@thesis{2,
author = {Roberto Ferri},
title = {Metodologie per l’identificazione e la regolarizzazione dei carichi esterni su strutture alari a partire da misure di deformazione},
type = {Tesi di Laurea Magistrale},
institution = {Politecnico di Torino},
year = {2021},
pages = {57},
url = {https://webthesis.biblio.polito.it/20920/1/tesi.pdf}
}

@book{3,
author = {Silvia Gazzola and Paolo Novati and Maria Rosaria Russo},
title = {On Krylov projection methods and Tikhonov regularization},
pages = {2},
url = {https://www.math.unipd.it/~gazzola/Survey_Krylov_Tikhonov.pdf}
}


